@misc{IEEESPS,
  author="{IEEE Signal Processing Society}",
  title="{Scope and Mission}",
  month="March",
  year="2010",
  howpublished = "\url{http://www.signalprocessingsociety.org/about-sps/scope-mission/}"
}
  
@misc{cornell,
  author="{Cornell University Library Research Department}",
  title="{Digital Imaging Tutorial}",
  year="2003",
  howpublished = "\url{http://www.library.cornell.edu/preservation/tutorial/contents.html}"
}

@misc{eutecus,
  author="{Eutecus, Inc.}",
  title="{Signal and Image Processing Library}",
  howpublished = "\url{http://www.eutecus.com/ProdServ/InstantVision/SILib.html}"
}

@misc{opencv,
  author="{Willow Garage, Inc.}",
  title="{OpenCVWiki}",
  month="May",
  year="2012",
  howpublished = "\url{http://opencv.willowgarage.com/wiki/}"
}

@misc{aforge1,
  author="{Andrew Kirillov}",
  title="{AForge.NET Framework}",
  year="2012",
  howpublished = "\url{http://www.aforgenet.com/aforge/framework/}"
}

@misc{pil,
  author="{Secret Labs AB}",
  title="{Python Imaging Library}",
  year="2011",
  howpublished = "\url{http://www.pythonware.com/products/pil/}"
}

@misc{vips,
  author="{John Cupitt, Kirk Martinez, Joe Padfield}",
  title="{VipsWiki}",
  month="August",
  year="2012",
  howpublished = "\url{http://www.vips.ecs.soton.ac.uk/index.php?title=VIPS}"
}

@misc{matlab_ipt,
  author="{The MathWorks, Inc.}",
  title="{Image Processing Toolbox - MATLAB}",
  year="2012",
  howpublished = "\url{http://www.mathworks.com/products/image/}"
}

@misc{matlab_iat,
  author="{The MathWorks, Inc.}",
  title="{Image Acquisition Toolbox - MATLAB}",
  year="2012",
  howpublished = "\url{http://www.mathworks.com/products/imaq/}"
}

@misc{mathematica,
  author="{Wolfram Research, Inc.}",
  title="{Image Processing and Analysis - Wolfram Mathematica 8 Documentation}",
  year="2012",
  howpublished = "\url{http://reference.wolfram.com/mathematica/guide/ImageProcessing.html}"
}

@misc{ndt,
  author="{Collaboration for Nondestructive Testing}",
  title="{Image Processing Techniques}",
  month="December",
  year="1999",
  howpublished = "\url{http://www.ndt-ed.org/EducationResources/CommunityCollege/Radiography/AdvancedTechniques/Real_Time_Radiography/ImageProcessingTechniques.htm}"
}

@misc{disability,
  author="{Stephen F. Austin State University}",
  title="{Note Taker Q\&A}",
  year="2012",
  howpublished = "\url{http://www.sfasu.edu/disabilityservices/facultyandstaff/for_service_providers/note_q_a.asp}"
}

@misc{wcp,
  author="{Beetlebug Software}",
  title="{Whiteboard Capture Pro}",
  year="2009",
  howpublished = "\url{http://www.beetlebugsoftware.com/}
}

@misc{wbc,
  author="{Elecom Co., Ltd.}",
  title="{WBConference User Manual}",
  year="2011",
  howpublished = "\url{http://app.elecom.co.jp/en/wbcap/ios/manual.html}"
}

@misc{camscan,
  author="{Instig Information Co., Ltd.}",
  title="{CamScanner}",
  year="2012",
  howpublished = "\url{http://www.intsig.com/en/camscanner.html}"
}

@misc{wbs,
  author="{Magnicode, Inc.}",
  title="{Whiteboard Snap - Android Apps on Google Play}",
  month="May",
  year="2012",
  howpublished = "\url{https://play.google.com/store/apps/details?id=com.magnicode.whiteboard&hl=en}"
}

@misc{WCS,
  author="{Li-wei He, Zhengyou Zhang, Zicheng Liu}",
  title="{Why Take Notes? Use the Whiteboard Capture System}",
  month="September",
  year="2002",
  howpublished = "\url{ftp://ftp.research.microsoft.com/pub/tr/tr-2002-89.pdf}"
}

@misc{reboard,
  author="{Gene Golovchinsky, Scott Carter, Jacob Biehl}",
  title="{Beyond the Drawing Board: Toward More Effective Use of Whiteboard Content}",
  institution="{FX Palo Alto Laboratory, Inc.}",
  month="December",
  year="2009",
  howpublished = "\url{http://arxiv.org/ftp/arxiv/papers/0911/0911.0039.pdf}"
}

@misc{chumby,
  author="{Chumby Industries}",
  title="{Chumby Classic}",
  year="2012",
  howpublished = "\url{https://www.chumby.com/pages/chumby_classic}"
}

@misc{nikon,
  author="{Nikon Inc.}",
  title="{Nikon COOLPIX S800c Digital Camera}",
  year="2012",
  howpublished = "\url{http://www.nikonusa.com/en/Nikon-Products/Product/Compact-Digital-Cameras/26356/COOLPIX-S800c.html}"
}

@misc{samsung,
  author="{PDAdb.net}",
  title="{Samsung EK-GC100 Galaxy Camera Specs}",
  month="September",
  year="2012",
  howpublished = "\url{http://pdadb.net/index.php?m=specs&id=3813&c=samsung_ek-gc100_galaxy_camera}"
}

@misc{polaroid,
  author="{United Press International, Inc.}",
  title="{Polaroid joins digital camera arena}",
  month="January",
  year="2012",
  howpublished = "\url{http://www.upi.com/Science_News/2012/01/16/Polaroid-joins-digital-camera-arena/UPI-61851326750025/}"
}



