@misc{whamo52000,
  author="{Wham-O Inc.}",
  title="{Product Information Item \#52000 Frisbee Ultimate}",
  howpublished = "\url{http://www.wham-o.com/product/Frisbee/52000.html}"
}
  
@misc{bernoulli,
  author="{U.S. Centennial of Flight Commission}",
  title="{Bernoulli's Principle}",
  howpublished = "\url{http://www.centennialofflight.gov/essay/Dictionary/bernoulli/DI9.htm}"
}
@misc{mit,
  author="V.R. Morrison",
  title="{The Physics of Frisbees}",
  month="April",
  year="2005",
  howpublished = "\url{http://www.web.mit.edu/womens-ult/www/smite/frisbee_physics.pdf}"
}
